@misc{willman2020machine,
  title={Machine Learning to identify cheaters in online games},
  author={Willman, Martin},
  year={2020}
}

@inproceedings{zhang2021improvement,
  title={Improvement of Online Game Anti-Cheat System based on Deep Learning},
  author={Zhang, Qinghao},
  booktitle={2021 2nd International Conference on Information Science and Education (ICISE-IE)},
  pages={652--655},
  year={2021},
  organization={IEEE}
}

@article{ghosh2021analyzing,
  title={Analyzing Toxicity in Online Gaming Communities},
  author={Ghosh, Ayushi},
  journal={Turkish Journal of Computer and Mathematics Education (TURCOMAT)},
  volume={12},
  number={10},
  pages={4448--4455},
  year={2021}
}